%% This document is a bibtex export of HAL publication
%% Date of the export : 02/05/2012
%% Criteria : Author : 'friggeri'

%%% articles in peer reviewed journals

@article{franco-fraguas_hydrodynamic_2014,
	title = {Hydrodynamic and geomorphological controls on surface sedimentation at the {Subtropical} {Shelf} {Front} / {Brazil}–{Malvinas} {Confluence} transition off {Uruguay} ({Southwestern} {Atlantic} {Continental} {Margin})},
	volume = {349},
	issn = {00253227},
	url = {http://linkinghub.elsevier.com/retrieve/pii/S002532271300265X},
	doi = {10.1016/j.margeo.2013.12.010},
	language = {en},
	urldate = {2014-06-17},
	journal = {Marine Geology},
	author = {Franco-Fraguas, P. and Burone, L. and Mahiques, M. and Ortega, L. and Urien, C. and Muñoz, A. and López, G. and Marin, Y. and Carranza, A. and Lahuerta, N. and de Mello, C.},
	month = mar,
	year = {2014},
	pages = {24--36},
	file = {Franco-Fraguas et al. - 2014 - Hydrodynamic and geomorphological controls on surf.pdf:/home/guzman/.zotero/zotero/4m9qp4nb.default/zotero/storage/J3AXFT3W/Franco-Fraguas et al. - 2014 - Hydrodynamic and geomorphological controls on surf.pdf:application/pdf}
}

@article{grupo_miguel_oliver_uruguay_0110_deep-water_2012,
	title = {Deep-water coral reefs from the {Uruguayan} outer shelf and slope},
	volume = {42},
	issn = {1867-1616, 1867-1624},
	url = {http://link.springer.com/10.1007/s12526-012-0115-6},
	doi = {10.1007/s12526-012-0115-6},
	language = {en},
	number = {3},
	urldate = {2014-08-04},
	journal = {Marine Biodiversity},
	author = {{GRUPO MIGUEL OLIVER URUGUAY 0110} and Carranza, Alvar and Recio, Araceli Muñoz and Kitahara, Marcelo and Scarabino, Fabrizio and Ortega, Leonardo and López, Guzmán and Franco-Fraguas, Paula and Mello, Camila and Acosta, Juan and Fontan, Antia},
	month = sep,
	year = {2012},
	note = {00000},
	pages = {411--414},
	file = {GRUPO MIGUEL OLIVER URUGUAY 0110 et al. - 2012 - Deep-water coral reefs from the Uruguayan outer sh.pdf:/home/guzman/.zotero/zotero/4m9qp4nb.default/zotero/storage/US5CC29T/GRUPO MIGUEL OLIVER URUGUAY 0110 et al. - 2012 - Deep-water coral reefs from the Uruguayan outer sh.pdf:application/pdf}
}

@article{lozoya_management_2015,
	title = {Management and research on plastic debris in {Uruguayan} {Aquatic} {Systems}: update and perspectives},
	volume = {15},
	issn = {16468872},
	shorttitle = {Management and research on plastic debris in {Uruguayan} {Aquatic} {Systems.}},
	url = {http://www.aprh.pt/rgci/rgci583.html},
	doi = {10.5894/rgci583},
	number = {3},
	urldate = {2016-03-10},
	journal = {Revista de Gestão Costeira Integrada},
	author = {Lozoya, Juan Pablo and Carranza, Alvar and Lenzi, Javier and Machín, Emanuel and Mello, Franco Teixeira de and González, Silvana and Hernández, Daniel and Lacerot, Gissell and Martínez, Gastón and Scarabino, Fabrizio and Sciandro, José and Vélez-Rubio, Gabriela and Burgues, Fernanda and Carrizo, Daniel and Cedrés, Felipe and Chocca, Julio and Álava, Daniel de and Jiménez, Sebastián and Leoni, Valentina and Limongi, Pablo and López, Guzmán and Olivera, Yamilia and Pereira, Mariana and Rubio, Luis and Weisntein, Federico},
	month = aug,
	year = {2015},
	pages = {377--393},
	file = {Lozoya et al. - 2015 - Management and research on plastic debris in Urugu.pdf:/home/guzman/.zotero/zotero/4m9qp4nb.default/zotero/storage/BNAS8I29/Lozoya et al. - 2015 - Management and research on plastic debris in Urugu.pdf:application/pdf}
}

%%% tech reports

%% DINARA

@techreport{lopez_2016_1,
	AUTHOR = {López, Guzmán and Rodríguez, Gerardo and Pagano, Diego and Fernández, Juana and Ortega, Leonardo},
	TITLE = {{Hydroacoustic assessment in Santa Lucía River (Uruguay).}},
	TYPE = {Research report},
	YEAR = {2016},
	PAGES = {27},
	KEYWORDS = {hydroacoustics, protected area, fish density, fish spatial distribution},
	INSTITUTION = {DINARA}
}

@techreport{lopez_2015_1,
	AUTHOR = {López, Guzmán and González, Silvana and Chocca, Julio and González, Bernardo and Foti, Rosanna},
	TITLE = {{Hydroacoustic assessment in Noboa reservoir (Salto, Uruguay).}},
	TYPE = {Research report},
	YEAR = {2015},
	PAGES = {22},
	KEYWORDS = {hydroacoustics, fish biomass, fish density, fish spatial distribution, aquaculture, prochilodus lineatus},
	INSTITUTION = {DINARA}
}

@techreport{lopez_2015_2,
	AUTHOR = {López, Guzmán},
	TITLE = {{Interactive map of artisanal fishing zones and artisanal ports in Uruguay.}},
	TYPE = {Software user guide},
	YEAR = {2015},
	PAGES = {12},
	KEYWORDS = {leaflet, javascript, open source, interactive map, artisanal fisheries, fishing zones},
	INSTITUTION = {DINARA}
}

@techreport{lopez_2015_3,
	AUTHOR = {Rubio, Luis and González, Silvana and López, Guzmán and Berriolo, Claudio and Jiménez, Sebastián and Lenzi, Javier and Domingo, Andrés},
	TITLE = {{Assessment of seismic prospection activity in the continental shelf of Uruguay.}},
	TYPE = {Research report},
	YEAR = {2015},
	PAGES = {54},
	KEYWORDS = {geophysics prospection, environmental impact assessment, continental shelf, Uruguay},
	INSTITUTION = {DINARA}
}

@techreport{lopez_2015_4,
	AUTHOR = {López, Guzmán},
	TITLE = {{Web application to extract, convert and visualize Tritech StarFish 990F Side Scan Sonar navigation.}},
	TYPE = {Software user guide},
	YEAR = {2015},
	KEYWORDS = {R, shiny, web app, side scan sonar, navigation, tritech starfish 990F},
	INSTITUTION = {DINARA}
}

@techreport{lopez_2015_5,
	AUTHOR = {López, Guzmán},
	TITLE = {{ER60  EK-60 SIMRAD echosounder's software guide.}},
	TYPE = {Software user guide},
	YEAR = {2015},
	PAGES = {20},
	KEYWORDS = {ER60 software, SIMRAD EK-60, echosounder, guide},
	INSTITUTION = {DINARA}
}

@techreport{lopez_2015_6,
	AUTHOR = {López, Guzmán and Martínez, Gerardo},
	TITLE = {{Configuration and maintenance of the EK-60 SIMRAD echosounder's local network in the research vessel "Aldebarán".}},
	TYPE = {Technical report},
	YEAR = {2015},
	PAGES = {7},
	KEYWORDS = {ER60 software, SIMRAD EK60, echosounder, guide},
	INSTITUTION = {DINARA}
}

% FREPLATA

@techreport{lopez_2013,
  AUTHOR = {López, Guzmán},
  TITLE = {{"Ema" web application.}},
  TYPE = {Software user guide},
  YEAR = {2013},
  KEYWORDS = {R, shiny, web app, oceanography data, meteorological data, visualization, analysis, interactive},
  INSTITUTION = {FREPLATA II},
  URL = {https://github.com/guzmanlopez/Ema/blob/master/Manual/Gu\%C3\%ADa\%20de\%20usuario\%20Ema\%20web\%20app.pdf}
}

@techreport{lopez_2013b,
  AUTHOR = {López, Guzmán},
  TITLE = {{"Pampero" web application.}},
  TYPE = {Software user guide},
  YEAR = {2013},
  KEYWORDS = {R, shiny, web app, wind data, meteorological data, visualization, analysis, interactive},
  INSTITUTION = {FREPLATA II},
  URL = {https://github.com/guzmanlopez/Pampero/blob/master/Manual/Gu\%C3\%ADa\%20de\%20usuario\%20Pampero\%20web\%20app.pdf}
}

@techreport{lopez_2013c,
  AUTHOR = {López, Guzmán},
  TITLE = {{"MODIS" web application.}},
  TYPE = {Software user guide},
  YEAR = {2013},
  KEYWORDS = {R, shiny, web app, satellite data, remote sensing, visualization, analysis, interactive},
  INSTITUTION = {FREPLATA II},
  URL = {https://github.com/guzmanlopez/MODIS/blob/master/Manual/Gu\%C3\%ADa\%20de\%20usuario\%20Modis\%20web\%20app.pdf}
}

@techreport{lopez_2013d,
	AUTHOR = {López, Guzmán},
	TITLE = {{Guidelines for an oceanographic database.}},
	TYPE = {Technical report},
	YEAR = {2013},
	KEYWORDS = {RDBMS, database, guidelines, MariaDB, SQL},
	INSTITUTION = {FREPLATA II}
}


	


